<record><leader>00000cas a2200000 a 4500</leader><controlfield tag="001">47882667</controlfield><controlfield tag="008">010830d19611963caudn ne      0    0eng c</controlfield><datafield ind1=" " ind2=" " tag="010"><subfield code="a">sn2001060532</subfield></datafield><datafield ind1=" " ind2=" " tag="040"><subfield code="a">CNK</subfield><subfield code="b">eng</subfield><subfield code="c">CNK</subfield><subfield code="d">OCLCQ</subfield><subfield code="d">OCLCF</subfield><subfield code="d">OCLCO</subfield></datafield><datafield ind1="1" ind2=" " tag="029"><subfield code="a">AU@</subfield><subfield code="b">000022959588</subfield></datafield><datafield ind1=" " ind2=" " tag="042"><subfield code="a">pcc</subfield></datafield><datafield ind1=" " ind2=" " tag="043"><subfield code="a">n-us-ca</subfield></datafield><datafield ind1="0" ind2="0" tag="245"><subfield code="a">Huntington Beach daily pilot.</subfield></datafield><datafield ind1="1" ind2="7" tag="246"><subfield code="a">Orange Coast daily pilot</subfield><subfield code="f">Jan. 9-Oct. 4, 1962</subfield></datafield><datafield ind1="1" ind2="7" tag="246"><subfield code="a">Daily pilot/news press</subfield><subfield code="f">Oct. 5, 1962-Apr. 30, 1963</subfield></datafield><datafield ind1=" " ind2=" " tag="260"><subfield code="a">Huntington Beach, Calif. :</subfield><subfield code="b">Orange Coast Pub. Co.</subfield></datafield><datafield ind1=" " ind2=" " tag="300"><subfield code="a">v.</subfield></datafield><datafield ind1=" " ind2=" " tag="310"><subfield code="a">Daily (except Sat. and Sun.)</subfield></datafield><datafield ind1="0" ind2=" " tag="362"><subfield code="a">Vol. 40, no. 133 (July 5, 1961)-v. 56, no. 85 (Apr. 30, 1963).</subfield></datafield><datafield ind1=" " ind2=" " tag="500"><subfield code="a">"Edition of Pilot and Globe-Herald," July 5-Sept. 1, 1961. "Edition of Orange Coast," Sept. 4, 1961-Apr. 30, 1963.</subfield></datafield><datafield ind1=" " ind2=" " tag="515"><subfield code="a">Vol. numbering designation changed from v. 41, no. 198 (Oct. 4, 1962) to v. 55, no. 89 (Oct. 5, 1962).</subfield></datafield><datafield ind1=" " ind2="0" tag="651"><subfield code="a">Huntington Beach (Calif.)</subfield><subfield code="v">Newspapers.</subfield></datafield><datafield ind1=" " ind2="7" tag="655"><subfield code="a">Newspapers.</subfield><subfield code="2">fast</subfield><subfield code="0">(OCoLC)fst01423814</subfield></datafield><datafield ind1=" " ind2="7" tag="651"><subfield code="a">California</subfield><subfield code="z">Huntington Beach.</subfield><subfield code="2">fast</subfield><subfield code="0">(OCoLC)fst01212920</subfield></datafield><datafield ind1=" " ind2=" " tag="752"><subfield code="a">United States</subfield><subfield code="b">California</subfield><subfield code="c">Orange</subfield><subfield code="d">Huntington Beach.</subfield></datafield><datafield ind1="0" ind2="0" tag="785"><subfield code="t">Daily pilot (Costa Mesa, Calif. : Huntington Beach ed.)</subfield><subfield code="w">(DLC)sn2001060533</subfield></datafield></record>